%YAML 1.1
%TAG !u! tag:unity3d.com,2011:
--- !u!1 &7741904100648855517
GameObject:
  m_ObjectHideFlags: 0
  m_CorrespondingSourceObject: {fileID: 0}
  m_PrefabInstance: {fileID: 0}
  m_PrefabAsset: {fileID: 0}
  serializedVersion: 6
  m_Component:
  - component: {fileID: 342745916496616360}
  m_Layer: 0
  m_Name: Wooden_g02
  m_TagString: Untagged
  m_Icon: {fileID: 0}
  m_NavMeshLayer: 0
  m_StaticEditorFlags: 0
  m_IsActive: 1
--- !u!4 &342745916496616360
Transform:
  m_ObjectHideFlags: 0
  m_CorrespondingSourceObject: {fileID: 0}
  m_PrefabInstance: {fileID: 0}
  m_PrefabAsset: {fileID: 0}
  m_GameObject: {fileID: 7741904100648855517}
  m_LocalRotation: {x: 0, y: 0, z: 0, w: 1}
  m_LocalPosition: {x: -205.94, y: -20.18, z: -26.41}
  m_LocalScale: {x: 1, y: 1, z: 1}
  m_Children:
  - {fileID: 8417475764618226764}
  - {fileID: 5784078680746782818}
  - {fileID: 6838780465387551121}
  - {fileID: 7674388519231629941}
  - {fileID: 690568097668114305}
  - {fileID: 7176890227854090383}
  - {fileID: 4864292684855152460}
  - {fileID: 7329976847020825710}
  - {fileID: 4670634740015794968}
  - {fileID: 4660543996184222909}
  - {fileID: 5122341446143301646}
  - {fileID: 1554118893104736292}
  m_Father: {fileID: 0}
  m_RootOrder: 0
  m_LocalEulerAnglesHint: {x: 0, y: 0, z: 0}
--- !u!1001 &2781336070382874910
PrefabInstance:
  m_ObjectHideFlags: 0
  serializedVersion: 2
  m_Modification:
    m_TransformParent: {fileID: 342745916496616360}
    m_Modifications:
    - target: {fileID: 6828064944749292828, guid: 5e7f9e4b0891a7e43a5005025db6e9b9,
        type: 3}
      propertyPath: m_Name
      value: Floor_Per 02 (57)
      objectReference: {fileID: 0}
    - target: {fileID: 3390135668790220447, guid: 5e7f9e4b0891a7e43a5005025db6e9b9,
        type: 3}
      propertyPath: m_LocalPosition.x
      value: 1.4199829
      objectReference: {fileID: 0}
    - target: {fileID: 3390135668790220447, guid: 5e7f9e4b0891a7e43a5005025db6e9b9,
        type: 3}
      propertyPath: m_LocalPosition.y
      value: 2.4257689
      objectReference: {fileID: 0}
    - target: {fileID: 3390135668790220447, guid: 5e7f9e4b0891a7e43a5005025db6e9b9,
        type: 3}
      propertyPath: m_LocalPosition.z
      value: -0.042342186
      objectReference: {fileID: 0}
    - target: {fileID: 3390135668790220447, guid: 5e7f9e4b0891a7e43a5005025db6e9b9,
        type: 3}
      propertyPath: m_LocalRotation.x
      value: -0
      objectReference: {fileID: 0}
    - target: {fileID: 3390135668790220447, guid: 5e7f9e4b0891a7e43a5005025db6e9b9,
        type: 3}
      propertyPath: m_LocalRotation.y
      value: -0
      objectReference: {fileID: 0}
    - target: {fileID: 3390135668790220447, guid: 5e7f9e4b0891a7e43a5005025db6e9b9,
        type: 3}
      propertyPath: m_LocalRotation.z
      value: -0
      objectReference: {fileID: 0}
    - target: {fileID: 3390135668790220447, guid: 5e7f9e4b0891a7e43a5005025db6e9b9,
        type: 3}
      propertyPath: m_LocalRotation.w
      value: 1
      objectReference: {fileID: 0}
    - target: {fileID: 3390135668790220447, guid: 5e7f9e4b0891a7e43a5005025db6e9b9,
        type: 3}
      propertyPath: m_RootOrder
      value: 4
      objectReference: {fileID: 0}
    - target: {fileID: 3390135668790220447, guid: 5e7f9e4b0891a7e43a5005025db6e9b9,
        type: 3}
      propertyPath: m_LocalEulerAnglesHint.x
      value: 1
      objectReference: {fileID: 0}
    - target: {fileID: 3390135668790220447, guid: 5e7f9e4b0891a7e43a5005025db6e9b9,
        type: 3}
      propertyPath: m_LocalEulerAnglesHint.y
      value: 0
      objectReference: {fileID: 0}
    - target: {fileID: 3390135668790220447, guid: 5e7f9e4b0891a7e43a5005025db6e9b9,
        type: 3}
      propertyPath: m_LocalEulerAnglesHint.z
      value: 0
      objectReference: {fileID: 0}
    - target: {fileID: 3390135668790220447, guid: 5e7f9e4b0891a7e43a5005025db6e9b9,
        type: 3}
      propertyPath: m_LocalScale.x
      value: 0.42971116
      objectReference: {fileID: 0}
    - target: {fileID: 3390135668790220447, guid: 5e7f9e4b0891a7e43a5005025db6e9b9,
        type: 3}
      propertyPath: m_LocalScale.y
      value: 0.42971128
      objectReference: {fileID: 0}
    - target: {fileID: 3390135668790220447, guid: 5e7f9e4b0891a7e43a5005025db6e9b9,
        type: 3}
      propertyPath: m_LocalScale.z
      value: 0.24688908
      objectReference: {fileID: 0}
    m_RemovedComponents: []
  m_SourcePrefab: {fileID: 100100000, guid: 5e7f9e4b0891a7e43a5005025db6e9b9, type: 3}
--- !u!4 &690568097668114305 stripped
Transform:
  m_CorrespondingSourceObject: {fileID: 3390135668790220447, guid: 5e7f9e4b0891a7e43a5005025db6e9b9,
    type: 3}
  m_PrefabInstance: {fileID: 2781336070382874910}
  m_PrefabAsset: {fileID: 0}
--- !u!1001 &4223664567775166139
PrefabInstance:
  m_ObjectHideFlags: 0
  serializedVersion: 2
  m_Modification:
    m_TransformParent: {fileID: 342745916496616360}
    m_Modifications:
    - target: {fileID: 6828064944749292828, guid: 5e7f9e4b0891a7e43a5005025db6e9b9,
        type: 3}
      propertyPath: m_Name
      value: Floor_Per 02 (64)
      objectReference: {fileID: 0}
    - target: {fileID: 3390135668790220447, guid: 5e7f9e4b0891a7e43a5005025db6e9b9,
        type: 3}
      propertyPath: m_LocalPosition.x
      value: 8.44
      objectReference: {fileID: 0}
    - target: {fileID: 3390135668790220447, guid: 5e7f9e4b0891a7e43a5005025db6e9b9,
        type: 3}
      propertyPath: m_LocalPosition.y
      value: 4.82
      objectReference: {fileID: 0}
    - target: {fileID: 3390135668790220447, guid: 5e7f9e4b0891a7e43a5005025db6e9b9,
        type: 3}
      propertyPath: m_LocalPosition.z
      value: -0.042342186
      objectReference: {fileID: 0}
    - target: {fileID: 3390135668790220447, guid: 5e7f9e4b0891a7e43a5005025db6e9b9,
        type: 3}
      propertyPath: m_LocalRotation.x
      value: -0
      objectReference: {fileID: 0}
    - target: {fileID: 3390135668790220447, guid: 5e7f9e4b0891a7e43a5005025db6e9b9,
        type: 3}
      propertyPath: m_LocalRotation.y
      value: -0
      objectReference: {fileID: 0}
    - target: {fileID: 3390135668790220447, guid: 5e7f9e4b0891a7e43a5005025db6e9b9,
        type: 3}
      propertyPath: m_LocalRotation.z
      value: -0
      objectReference: {fileID: 0}
    - target: {fileID: 3390135668790220447, guid: 5e7f9e4b0891a7e43a5005025db6e9b9,
        type: 3}
      propertyPath: m_LocalRotation.w
      value: 1
      objectReference: {fileID: 0}
    - target: {fileID: 3390135668790220447, guid: 5e7f9e4b0891a7e43a5005025db6e9b9,
        type: 3}
      propertyPath: m_RootOrder
      value: 11
      objectReference: {fileID: 0}
    - target: {fileID: 3390135668790220447, guid: 5e7f9e4b0891a7e43a5005025db6e9b9,
        type: 3}
      propertyPath: m_LocalEulerAnglesHint.x
      value: 1
      objectReference: {fileID: 0}
    - target: {fileID: 3390135668790220447, guid: 5e7f9e4b0891a7e43a5005025db6e9b9,
        type: 3}
      propertyPath: m_LocalEulerAnglesHint.y
      value: 0
      objectReference: {fileID: 0}
    - target: {fileID: 3390135668790220447, guid: 5e7f9e4b0891a7e43a5005025db6e9b9,
        type: 3}
      propertyPath: m_LocalEulerAnglesHint.z
      value: 0
      objectReference: {fileID: 0}
    - target: {fileID: 3390135668790220447, guid: 5e7f9e4b0891a7e43a5005025db6e9b9,
        type: 3}
      propertyPath: m_LocalScale.x
      value: 0.42971116
      objectReference: {fileID: 0}
    - target: {fileID: 3390135668790220447, guid: 5e7f9e4b0891a7e43a5005025db6e9b9,
        type: 3}
      propertyPath: m_LocalScale.y
      value: 0.42971128
      objectReference: {fileID: 0}
    - target: {fileID: 3390135668790220447, guid: 5e7f9e4b0891a7e43a5005025db6e9b9,
        type: 3}
      propertyPath: m_LocalScale.z
      value: 0.24688908
      objectReference: {fileID: 0}
    m_RemovedComponents: []
  m_SourcePrefab: {fileID: 100100000, guid: 5e7f9e4b0891a7e43a5005025db6e9b9, type: 3}
--- !u!4 &1554118893104736292 stripped
Transform:
  m_CorrespondingSourceObject: {fileID: 3390135668790220447, guid: 5e7f9e4b0891a7e43a5005025db6e9b9,
    type: 3}
  m_PrefabInstance: {fileID: 4223664567775166139}
  m_PrefabAsset: {fileID: 0}
--- !u!1001 &5011602446107835626
PrefabInstance:
  m_ObjectHideFlags: 0
  serializedVersion: 2
  m_Modification:
    m_TransformParent: {fileID: 342745916496616360}
    m_Modifications:
    - target: {fileID: 6828064944749292828, guid: 5e7f9e4b0891a7e43a5005025db6e9b9,
        type: 3}
      propertyPath: m_Name
      value: Floor_Per 02 (56)
      objectReference: {fileID: 0}
    - target: {fileID: 3390135668790220447, guid: 5e7f9e4b0891a7e43a5005025db6e9b9,
        type: 3}
      propertyPath: m_LocalPosition.x
      value: 8.459991
      objectReference: {fileID: 0}
    - target: {fileID: 3390135668790220447, guid: 5e7f9e4b0891a7e43a5005025db6e9b9,
        type: 3}
      propertyPath: m_LocalPosition.y
      value: 0
      objectReference: {fileID: 0}
    - target: {fileID: 3390135668790220447, guid: 5e7f9e4b0891a7e43a5005025db6e9b9,
        type: 3}
      propertyPath: m_LocalPosition.z
      value: 0
      objectReference: {fileID: 0}
    - target: {fileID: 3390135668790220447, guid: 5e7f9e4b0891a7e43a5005025db6e9b9,
        type: 3}
      propertyPath: m_LocalRotation.x
      value: -0
      objectReference: {fileID: 0}
    - target: {fileID: 3390135668790220447, guid: 5e7f9e4b0891a7e43a5005025db6e9b9,
        type: 3}
      propertyPath: m_LocalRotation.y
      value: -0
      objectReference: {fileID: 0}
    - target: {fileID: 3390135668790220447, guid: 5e7f9e4b0891a7e43a5005025db6e9b9,
        type: 3}
      propertyPath: m_LocalRotation.z
      value: -0
      objectReference: {fileID: 0}
    - target: {fileID: 3390135668790220447, guid: 5e7f9e4b0891a7e43a5005025db6e9b9,
        type: 3}
      propertyPath: m_LocalRotation.w
      value: 1
      objectReference: {fileID: 0}
    - target: {fileID: 3390135668790220447, guid: 5e7f9e4b0891a7e43a5005025db6e9b9,
        type: 3}
      propertyPath: m_RootOrder
      value: 3
      objectReference: {fileID: 0}
    - target: {fileID: 3390135668790220447, guid: 5e7f9e4b0891a7e43a5005025db6e9b9,
        type: 3}
      propertyPath: m_LocalEulerAnglesHint.x
      value: 1
      objectReference: {fileID: 0}
    - target: {fileID: 3390135668790220447, guid: 5e7f9e4b0891a7e43a5005025db6e9b9,
        type: 3}
      propertyPath: m_LocalEulerAnglesHint.y
      value: 0
      objectReference: {fileID: 0}
    - target: {fileID: 3390135668790220447, guid: 5e7f9e4b0891a7e43a5005025db6e9b9,
        type: 3}
      propertyPath: m_LocalEulerAnglesHint.z
      value: 0
      objectReference: {fileID: 0}
    - target: {fileID: 3390135668790220447, guid: 5e7f9e4b0891a7e43a5005025db6e9b9,
        type: 3}
      propertyPath: m_LocalScale.x
      value: 0.42971116
      objectReference: {fileID: 0}
    - target: {fileID: 3390135668790220447, guid: 5e7f9e4b0891a7e43a5005025db6e9b9,
        type: 3}
      propertyPath: m_LocalScale.y
      value: 0.42971128
      objectReference: {fileID: 0}
    - target: {fileID: 3390135668790220447, guid: 5e7f9e4b0891a7e43a5005025db6e9b9,
        type: 3}
      propertyPath: m_LocalScale.z
      value: 0.24688908
      objectReference: {fileID: 0}
    m_RemovedComponents: []
  m_SourcePrefab: {fileID: 100100000, guid: 5e7f9e4b0891a7e43a5005025db6e9b9, type: 3}
--- !u!4 &7674388519231629941 stripped
Transform:
  m_CorrespondingSourceObject: {fileID: 3390135668790220447, guid: 5e7f9e4b0891a7e43a5005025db6e9b9,
    type: 3}
  m_PrefabInstance: {fileID: 5011602446107835626}
  m_PrefabAsset: {fileID: 0}
--- !u!1001 &5383316091510246129
PrefabInstance:
  m_ObjectHideFlags: 0
  serializedVersion: 2
  m_Modification:
    m_TransformParent: {fileID: 342745916496616360}
    m_Modifications:
    - target: {fileID: 6828064944749292828, guid: 5e7f9e4b0891a7e43a5005025db6e9b9,
        type: 3}
      propertyPath: m_Name
      value: Floor_Per 02 (60)
      objectReference: {fileID: 0}
    - target: {fileID: 3390135668790220447, guid: 5e7f9e4b0891a7e43a5005025db6e9b9,
        type: 3}
      propertyPath: m_LocalPosition.x
      value: 5.630005
      objectReference: {fileID: 0}
    - target: {fileID: 3390135668790220447, guid: 5e7f9e4b0891a7e43a5005025db6e9b9,
        type: 3}
      propertyPath: m_LocalPosition.y
      value: 4.8354006
      objectReference: {fileID: 0}
    - target: {fileID: 3390135668790220447, guid: 5e7f9e4b0891a7e43a5005025db6e9b9,
        type: 3}
      propertyPath: m_LocalPosition.z
      value: -0.084402084
      objectReference: {fileID: 0}
    - target: {fileID: 3390135668790220447, guid: 5e7f9e4b0891a7e43a5005025db6e9b9,
        type: 3}
      propertyPath: m_LocalRotation.x
      value: -0
      objectReference: {fileID: 0}
    - target: {fileID: 3390135668790220447, guid: 5e7f9e4b0891a7e43a5005025db6e9b9,
        type: 3}
      propertyPath: m_LocalRotation.y
      value: -0
      objectReference: {fileID: 0}
    - target: {fileID: 3390135668790220447, guid: 5e7f9e4b0891a7e43a5005025db6e9b9,
        type: 3}
      propertyPath: m_LocalRotation.z
      value: -0
      objectReference: {fileID: 0}
    - target: {fileID: 3390135668790220447, guid: 5e7f9e4b0891a7e43a5005025db6e9b9,
        type: 3}
      propertyPath: m_LocalRotation.w
      value: 1
      objectReference: {fileID: 0}
    - target: {fileID: 3390135668790220447, guid: 5e7f9e4b0891a7e43a5005025db6e9b9,
        type: 3}
      propertyPath: m_RootOrder
      value: 7
      objectReference: {fileID: 0}
    - target: {fileID: 3390135668790220447, guid: 5e7f9e4b0891a7e43a5005025db6e9b9,
        type: 3}
      propertyPath: m_LocalEulerAnglesHint.x
      value: 1
      objectReference: {fileID: 0}
    - target: {fileID: 3390135668790220447, guid: 5e7f9e4b0891a7e43a5005025db6e9b9,
        type: 3}
      propertyPath: m_LocalEulerAnglesHint.y
      value: 0
      objectReference: {fileID: 0}
    - target: {fileID: 3390135668790220447, guid: 5e7f9e4b0891a7e43a5005025db6e9b9,
        type: 3}
      propertyPath: m_LocalEulerAnglesHint.z
      value: 0
      objectReference: {fileID: 0}
    - target: {fileID: 3390135668790220447, guid: 5e7f9e4b0891a7e43a5005025db6e9b9,
        type: 3}
      propertyPath: m_LocalScale.x
      value: 0.42971116
      objectReference: {fileID: 0}
    - target: {fileID: 3390135668790220447, guid: 5e7f9e4b0891a7e43a5005025db6e9b9,
        type: 3}
      propertyPath: m_LocalScale.y
      value: 0.42971128
      objectReference: {fileID: 0}
    - target: {fileID: 3390135668790220447, guid: 5e7f9e4b0891a7e43a5005025db6e9b9,
        type: 3}
      propertyPath: m_LocalScale.z
      value: 0.24688908
      objectReference: {fileID: 0}
    m_RemovedComponents: []
  m_SourcePrefab: {fileID: 100100000, guid: 5e7f9e4b0891a7e43a5005025db6e9b9, type: 3}
--- !u!4 &7329976847020825710 stripped
Transform:
  m_CorrespondingSourceObject: {fileID: 3390135668790220447, guid: 5e7f9e4b0891a7e43a5005025db6e9b9,
    type: 3}
  m_PrefabInstance: {fileID: 5383316091510246129}
  m_PrefabAsset: {fileID: 0}
--- !u!1001 &5518389275620046352
PrefabInstance:
  m_ObjectHideFlags: 0
  serializedVersion: 2
  m_Modification:
    m_TransformParent: {fileID: 342745916496616360}
    m_Modifications:
    - target: {fileID: 6828064944749292828, guid: 5e7f9e4b0891a7e43a5005025db6e9b9,
        type: 3}
      propertyPath: m_Name
      value: Floor_Per 02 (58)
      objectReference: {fileID: 0}
    - target: {fileID: 3390135668790220447, guid: 5e7f9e4b0891a7e43a5005025db6e9b9,
        type: 3}
      propertyPath: m_LocalPosition.x
      value: 4.2099915
      objectReference: {fileID: 0}
    - target: {fileID: 3390135668790220447, guid: 5e7f9e4b0891a7e43a5005025db6e9b9,
        type: 3}
      propertyPath: m_LocalPosition.y
      value: 2.4257689
      objectReference: {fileID: 0}
    - target: {fileID: 3390135668790220447, guid: 5e7f9e4b0891a7e43a5005025db6e9b9,
        type: 3}
      propertyPath: m_LocalPosition.z
      value: -0.042342186
      objectReference: {fileID: 0}
    - target: {fileID: 3390135668790220447, guid: 5e7f9e4b0891a7e43a5005025db6e9b9,
        type: 3}
      propertyPath: m_LocalRotation.x
      value: -0
      objectReference: {fileID: 0}
    - target: {fileID: 3390135668790220447, guid: 5e7f9e4b0891a7e43a5005025db6e9b9,
        type: 3}
      propertyPath: m_LocalRotation.y
      value: -0
      objectReference: {fileID: 0}
    - target: {fileID: 3390135668790220447, guid: 5e7f9e4b0891a7e43a5005025db6e9b9,
        type: 3}
      propertyPath: m_LocalRotation.z
      value: -0
      objectReference: {fileID: 0}
    - target: {fileID: 3390135668790220447, guid: 5e7f9e4b0891a7e43a5005025db6e9b9,
        type: 3}
      propertyPath: m_LocalRotation.w
      value: 1
      objectReference: {fileID: 0}
    - target: {fileID: 3390135668790220447, guid: 5e7f9e4b0891a7e43a5005025db6e9b9,
        type: 3}
      propertyPath: m_RootOrder
      value: 5
      objectReference: {fileID: 0}
    - target: {fileID: 3390135668790220447, guid: 5e7f9e4b0891a7e43a5005025db6e9b9,
        type: 3}
      propertyPath: m_LocalEulerAnglesHint.x
      value: 1
      objectReference: {fileID: 0}
    - target: {fileID: 3390135668790220447, guid: 5e7f9e4b0891a7e43a5005025db6e9b9,
        type: 3}
      propertyPath: m_LocalEulerAnglesHint.y
      value: 0
      objectReference: {fileID: 0}
    - target: {fileID: 3390135668790220447, guid: 5e7f9e4b0891a7e43a5005025db6e9b9,
        type: 3}
      propertyPath: m_LocalEulerAnglesHint.z
      value: 0
      objectReference: {fileID: 0}
    - target: {fileID: 3390135668790220447, guid: 5e7f9e4b0891a7e43a5005025db6e9b9,
        type: 3}
      propertyPath: m_LocalScale.x
      value: 0.42971116
      objectReference: {fileID: 0}
    - target: {fileID: 3390135668790220447, guid: 5e7f9e4b0891a7e43a5005025db6e9b9,
        type: 3}
      propertyPath: m_LocalScale.y
      value: 0.42971128
      objectReference: {fileID: 0}
    - target: {fileID: 3390135668790220447, guid: 5e7f9e4b0891a7e43a5005025db6e9b9,
        type: 3}
      propertyPath: m_LocalScale.z
      value: 0.24688908
      objectReference: {fileID: 0}
    m_RemovedComponents: []
  m_SourcePrefab: {fileID: 100100000, guid: 5e7f9e4b0891a7e43a5005025db6e9b9, type: 3}
--- !u!4 &7176890227854090383 stripped
Transform:
  m_CorrespondingSourceObject: {fileID: 3390135668790220447, guid: 5e7f9e4b0891a7e43a5005025db6e9b9,
    type: 3}
  m_PrefabInstance: {fileID: 5518389275620046352}
  m_PrefabAsset: {fileID: 0}
--- !u!1001 &6619394190098315987
PrefabInstance:
  m_ObjectHideFlags: 0
  serializedVersion: 2
  m_Modification:
    m_TransformParent: {fileID: 342745916496616360}
    m_Modifications:
    - target: {fileID: 6828064944749292828, guid: 5e7f9e4b0891a7e43a5005025db6e9b9,
        type: 3}
      propertyPath: m_Name
      value: Floor_Per 02 (53)
      objectReference: {fileID: 0}
    - target: {fileID: 3390135668790220447, guid: 5e7f9e4b0891a7e43a5005025db6e9b9,
        type: 3}
      propertyPath: m_LocalPosition.x
      value: 0
      objectReference: {fileID: 0}
    - target: {fileID: 3390135668790220447, guid: 5e7f9e4b0891a7e43a5005025db6e9b9,
        type: 3}
      propertyPath: m_LocalPosition.y
      value: 0
      objectReference: {fileID: 0}
    - target: {fileID: 3390135668790220447, guid: 5e7f9e4b0891a7e43a5005025db6e9b9,
        type: 3}
      propertyPath: m_LocalPosition.z
      value: 0
      objectReference: {fileID: 0}
    - target: {fileID: 3390135668790220447, guid: 5e7f9e4b0891a7e43a5005025db6e9b9,
        type: 3}
      propertyPath: m_LocalRotation.x
      value: -0
      objectReference: {fileID: 0}
    - target: {fileID: 3390135668790220447, guid: 5e7f9e4b0891a7e43a5005025db6e9b9,
        type: 3}
      propertyPath: m_LocalRotation.y
      value: -0
      objectReference: {fileID: 0}
    - target: {fileID: 3390135668790220447, guid: 5e7f9e4b0891a7e43a5005025db6e9b9,
        type: 3}
      propertyPath: m_LocalRotation.z
      value: -0
      objectReference: {fileID: 0}
    - target: {fileID: 3390135668790220447, guid: 5e7f9e4b0891a7e43a5005025db6e9b9,
        type: 3}
      propertyPath: m_LocalRotation.w
      value: 1
      objectReference: {fileID: 0}
    - target: {fileID: 3390135668790220447, guid: 5e7f9e4b0891a7e43a5005025db6e9b9,
        type: 3}
      propertyPath: m_RootOrder
      value: 0
      objectReference: {fileID: 0}
    - target: {fileID: 3390135668790220447, guid: 5e7f9e4b0891a7e43a5005025db6e9b9,
        type: 3}
      propertyPath: m_LocalEulerAnglesHint.x
      value: 1
      objectReference: {fileID: 0}
    - target: {fileID: 3390135668790220447, guid: 5e7f9e4b0891a7e43a5005025db6e9b9,
        type: 3}
      propertyPath: m_LocalEulerAnglesHint.y
      value: 0
      objectReference: {fileID: 0}
    - target: {fileID: 3390135668790220447, guid: 5e7f9e4b0891a7e43a5005025db6e9b9,
        type: 3}
      propertyPath: m_LocalEulerAnglesHint.z
      value: 0
      objectReference: {fileID: 0}
    - target: {fileID: 3390135668790220447, guid: 5e7f9e4b0891a7e43a5005025db6e9b9,
        type: 3}
      propertyPath: m_LocalScale.x
      value: 0.42971116
      objectReference: {fileID: 0}
    - target: {fileID: 3390135668790220447, guid: 5e7f9e4b0891a7e43a5005025db6e9b9,
        type: 3}
      propertyPath: m_LocalScale.y
      value: 0.42971128
      objectReference: {fileID: 0}
    - target: {fileID: 3390135668790220447, guid: 5e7f9e4b0891a7e43a5005025db6e9b9,
        type: 3}
      propertyPath: m_LocalScale.z
      value: 0.24688908
      objectReference: {fileID: 0}
    m_RemovedComponents: []
  m_SourcePrefab: {fileID: 100100000, guid: 5e7f9e4b0891a7e43a5005025db6e9b9, type: 3}
--- !u!4 &8417475764618226764 stripped
Transform:
  m_CorrespondingSourceObject: {fileID: 3390135668790220447, guid: 5e7f9e4b0891a7e43a5005025db6e9b9,
    type: 3}
  m_PrefabInstance: {fileID: 6619394190098315987}
  m_PrefabAsset: {fileID: 0}
--- !u!1001 &7501334561595231889
PrefabInstance:
  m_ObjectHideFlags: 0
  serializedVersion: 2
  m_Modification:
    m_TransformParent: {fileID: 342745916496616360}
    m_Modifications:
    - target: {fileID: 6828064944749292828, guid: 5e7f9e4b0891a7e43a5005025db6e9b9,
        type: 3}
      propertyPath: m_Name
      value: Floor_Per 02 (63)
      objectReference: {fileID: 0}
    - target: {fileID: 3390135668790220447, guid: 5e7f9e4b0891a7e43a5005025db6e9b9,
        type: 3}
      propertyPath: m_LocalPosition.x
      value: 9.78
      objectReference: {fileID: 0}
    - target: {fileID: 3390135668790220447, guid: 5e7f9e4b0891a7e43a5005025db6e9b9,
        type: 3}
      propertyPath: m_LocalPosition.y
      value: 2.48
      objectReference: {fileID: 0}
    - target: {fileID: 3390135668790220447, guid: 5e7f9e4b0891a7e43a5005025db6e9b9,
        type: 3}
      propertyPath: m_LocalPosition.z
      value: -0.042342186
      objectReference: {fileID: 0}
    - target: {fileID: 3390135668790220447, guid: 5e7f9e4b0891a7e43a5005025db6e9b9,
        type: 3}
      propertyPath: m_LocalRotation.x
      value: -0
      objectReference: {fileID: 0}
    - target: {fileID: 3390135668790220447, guid: 5e7f9e4b0891a7e43a5005025db6e9b9,
        type: 3}
      propertyPath: m_LocalRotation.y
      value: -0
      objectReference: {fileID: 0}
    - target: {fileID: 3390135668790220447, guid: 5e7f9e4b0891a7e43a5005025db6e9b9,
        type: 3}
      propertyPath: m_LocalRotation.z
      value: -0
      objectReference: {fileID: 0}
    - target: {fileID: 3390135668790220447, guid: 5e7f9e4b0891a7e43a5005025db6e9b9,
        type: 3}
      propertyPath: m_LocalRotation.w
      value: 1
      objectReference: {fileID: 0}
    - target: {fileID: 3390135668790220447, guid: 5e7f9e4b0891a7e43a5005025db6e9b9,
        type: 3}
      propertyPath: m_RootOrder
      value: 10
      objectReference: {fileID: 0}
    - target: {fileID: 3390135668790220447, guid: 5e7f9e4b0891a7e43a5005025db6e9b9,
        type: 3}
      propertyPath: m_LocalEulerAnglesHint.x
      value: 1
      objectReference: {fileID: 0}
    - target: {fileID: 3390135668790220447, guid: 5e7f9e4b0891a7e43a5005025db6e9b9,
        type: 3}
      propertyPath: m_LocalEulerAnglesHint.y
      value: 0
      objectReference: {fileID: 0}
    - target: {fileID: 3390135668790220447, guid: 5e7f9e4b0891a7e43a5005025db6e9b9,
        type: 3}
      propertyPath: m_LocalEulerAnglesHint.z
      value: 0
      objectReference: {fileID: 0}
    - target: {fileID: 3390135668790220447, guid: 5e7f9e4b0891a7e43a5005025db6e9b9,
        type: 3}
      propertyPath: m_LocalScale.x
      value: 0.42971116
      objectReference: {fileID: 0}
    - target: {fileID: 3390135668790220447, guid: 5e7f9e4b0891a7e43a5005025db6e9b9,
        type: 3}
      propertyPath: m_LocalScale.y
      value: 0.42971128
      objectReference: {fileID: 0}
    - target: {fileID: 3390135668790220447, guid: 5e7f9e4b0891a7e43a5005025db6e9b9,
        type: 3}
      propertyPath: m_LocalScale.z
      value: 0.24688908
      objectReference: {fileID: 0}
    m_RemovedComponents: []
  m_SourcePrefab: {fileID: 100100000, guid: 5e7f9e4b0891a7e43a5005025db6e9b9, type: 3}
--- !u!4 &5122341446143301646 stripped
Transform:
  m_CorrespondingSourceObject: {fileID: 3390135668790220447, guid: 5e7f9e4b0891a7e43a5005025db6e9b9,
    type: 3}
  m_PrefabInstance: {fileID: 7501334561595231889}
  m_PrefabAsset: {fileID: 0}
--- !u!1001 &7822011487992273363
PrefabInstance:
  m_ObjectHideFlags: 0
  serializedVersion: 2
  m_Modification:
    m_TransformParent: {fileID: 342745916496616360}
    m_Modifications:
    - target: {fileID: 6828064944749292828, guid: 5e7f9e4b0891a7e43a5005025db6e9b9,
        type: 3}
      propertyPath: m_Name
      value: Floor_Per 02 (59)
      objectReference: {fileID: 0}
    - target: {fileID: 3390135668790220447, guid: 5e7f9e4b0891a7e43a5005025db6e9b9,
        type: 3}
      propertyPath: m_LocalPosition.x
      value: 6.98999
      objectReference: {fileID: 0}
    - target: {fileID: 3390135668790220447, guid: 5e7f9e4b0891a7e43a5005025db6e9b9,
        type: 3}
      propertyPath: m_LocalPosition.y
      value: 2.4257689
      objectReference: {fileID: 0}
    - target: {fileID: 3390135668790220447, guid: 5e7f9e4b0891a7e43a5005025db6e9b9,
        type: 3}
      propertyPath: m_LocalPosition.z
      value: -0.042342186
      objectReference: {fileID: 0}
    - target: {fileID: 3390135668790220447, guid: 5e7f9e4b0891a7e43a5005025db6e9b9,
        type: 3}
      propertyPath: m_LocalRotation.x
      value: -0
      objectReference: {fileID: 0}
    - target: {fileID: 3390135668790220447, guid: 5e7f9e4b0891a7e43a5005025db6e9b9,
        type: 3}
      propertyPath: m_LocalRotation.y
      value: -0
      objectReference: {fileID: 0}
    - target: {fileID: 3390135668790220447, guid: 5e7f9e4b0891a7e43a5005025db6e9b9,
        type: 3}
      propertyPath: m_LocalRotation.z
      value: -0
      objectReference: {fileID: 0}
    - target: {fileID: 3390135668790220447, guid: 5e7f9e4b0891a7e43a5005025db6e9b9,
        type: 3}
      propertyPath: m_LocalRotation.w
      value: 1
      objectReference: {fileID: 0}
    - target: {fileID: 3390135668790220447, guid: 5e7f9e4b0891a7e43a5005025db6e9b9,
        type: 3}
      propertyPath: m_RootOrder
      value: 6
      objectReference: {fileID: 0}
    - target: {fileID: 3390135668790220447, guid: 5e7f9e4b0891a7e43a5005025db6e9b9,
        type: 3}
      propertyPath: m_LocalEulerAnglesHint.x
      value: 1
      objectReference: {fileID: 0}
    - target: {fileID: 3390135668790220447, guid: 5e7f9e4b0891a7e43a5005025db6e9b9,
        type: 3}
      propertyPath: m_LocalEulerAnglesHint.y
      value: 0
      objectReference: {fileID: 0}
    - target: {fileID: 3390135668790220447, guid: 5e7f9e4b0891a7e43a5005025db6e9b9,
        type: 3}
      propertyPath: m_LocalEulerAnglesHint.z
      value: 0
      objectReference: {fileID: 0}
    - target: {fileID: 3390135668790220447, guid: 5e7f9e4b0891a7e43a5005025db6e9b9,
        type: 3}
      propertyPath: m_LocalScale.x
      value: 0.42971116
      objectReference: {fileID: 0}
    - target: {fileID: 3390135668790220447, guid: 5e7f9e4b0891a7e43a5005025db6e9b9,
        type: 3}
      propertyPath: m_LocalScale.y
      value: 0.42971128
      objectReference: {fileID: 0}
    - target: {fileID: 3390135668790220447, guid: 5e7f9e4b0891a7e43a5005025db6e9b9,
        type: 3}
      propertyPath: m_LocalScale.z
      value: 0.24688908
      objectReference: {fileID: 0}
    m_RemovedComponents: []
  m_SourcePrefab: {fileID: 100100000, guid: 5e7f9e4b0891a7e43a5005025db6e9b9, type: 3}
--- !u!4 &4864292684855152460 stripped
Transform:
  m_CorrespondingSourceObject: {fileID: 3390135668790220447, guid: 5e7f9e4b0891a7e43a5005025db6e9b9,
    type: 3}
  m_PrefabInstance: {fileID: 7822011487992273363}
  m_PrefabAsset: {fileID: 0}
--- !u!1001 &8043915467275668002
PrefabInstance:
  m_ObjectHideFlags: 0
  serializedVersion: 2
  m_Modification:
    m_TransformParent: {fileID: 342745916496616360}
    m_Modifications:
    - target: {fileID: 6828064944749292828, guid: 5e7f9e4b0891a7e43a5005025db6e9b9,
        type: 3}
      propertyPath: m_Name
      value: Floor_Per 02 (62)
      objectReference: {fileID: 0}
    - target: {fileID: 3390135668790220447, guid: 5e7f9e4b0891a7e43a5005025db6e9b9,
        type: 3}
      propertyPath: m_LocalPosition.x
      value: 0.009979248
      objectReference: {fileID: 0}
    - target: {fileID: 3390135668790220447, guid: 5e7f9e4b0891a7e43a5005025db6e9b9,
        type: 3}
      propertyPath: m_LocalPosition.y
      value: 4.8354006
      objectReference: {fileID: 0}
    - target: {fileID: 3390135668790220447, guid: 5e7f9e4b0891a7e43a5005025db6e9b9,
        type: 3}
      propertyPath: m_LocalPosition.z
      value: -0.084402084
      objectReference: {fileID: 0}
    - target: {fileID: 3390135668790220447, guid: 5e7f9e4b0891a7e43a5005025db6e9b9,
        type: 3}
      propertyPath: m_LocalRotation.x
      value: -0
      objectReference: {fileID: 0}
    - target: {fileID: 3390135668790220447, guid: 5e7f9e4b0891a7e43a5005025db6e9b9,
        type: 3}
      propertyPath: m_LocalRotation.y
      value: -0
      objectReference: {fileID: 0}
    - target: {fileID: 3390135668790220447, guid: 5e7f9e4b0891a7e43a5005025db6e9b9,
        type: 3}
      propertyPath: m_LocalRotation.z
      value: -0
      objectReference: {fileID: 0}
    - target: {fileID: 3390135668790220447, guid: 5e7f9e4b0891a7e43a5005025db6e9b9,
        type: 3}
      propertyPath: m_LocalRotation.w
      value: 1
      objectReference: {fileID: 0}
    - target: {fileID: 3390135668790220447, guid: 5e7f9e4b0891a7e43a5005025db6e9b9,
        type: 3}
      propertyPath: m_RootOrder
      value: 9
      objectReference: {fileID: 0}
    - target: {fileID: 3390135668790220447, guid: 5e7f9e4b0891a7e43a5005025db6e9b9,
        type: 3}
      propertyPath: m_LocalEulerAnglesHint.x
      value: 1
      objectReference: {fileID: 0}
    - target: {fileID: 3390135668790220447, guid: 5e7f9e4b0891a7e43a5005025db6e9b9,
        type: 3}
      propertyPath: m_LocalEulerAnglesHint.y
      value: 0
      objectReference: {fileID: 0}
    - target: {fileID: 3390135668790220447, guid: 5e7f9e4b0891a7e43a5005025db6e9b9,
        type: 3}
      propertyPath: m_LocalEulerAnglesHint.z
      value: 0
      objectReference: {fileID: 0}
    - target: {fileID: 3390135668790220447, guid: 5e7f9e4b0891a7e43a5005025db6e9b9,
        type: 3}
      propertyPath: m_LocalScale.x
      value: 0.42971116
      objectReference: {fileID: 0}
    - target: {fileID: 3390135668790220447, guid: 5e7f9e4b0891a7e43a5005025db6e9b9,
        type: 3}
      propertyPath: m_LocalScale.y
      value: 0.42971128
      objectReference: {fileID: 0}
    - target: {fileID: 3390135668790220447, guid: 5e7f9e4b0891a7e43a5005025db6e9b9,
        type: 3}
      propertyPath: m_LocalScale.z
      value: 0.24688908
      objectReference: {fileID: 0}
    m_RemovedComponents: []
  m_SourcePrefab: {fileID: 100100000, guid: 5e7f9e4b0891a7e43a5005025db6e9b9, type: 3}
--- !u!4 &4660543996184222909 stripped
Transform:
  m_CorrespondingSourceObject: {fileID: 3390135668790220447, guid: 5e7f9e4b0891a7e43a5005025db6e9b9,
    type: 3}
  m_PrefabInstance: {fileID: 8043915467275668002}
  m_PrefabAsset: {fileID: 0}
--- !u!1001 &8060673542190194055
PrefabInstance:
  m_ObjectHideFlags: 0
  serializedVersion: 2
  m_Modification:
    m_TransformParent: {fileID: 342745916496616360}
    m_Modifications:
    - target: {fileID: 6828064944749292828, guid: 5e7f9e4b0891a7e43a5005025db6e9b9,
        type: 3}
      propertyPath: m_Name
      value: Floor_Per 02 (61)
      objectReference: {fileID: 0}
    - target: {fileID: 3390135668790220447, guid: 5e7f9e4b0891a7e43a5005025db6e9b9,
        type: 3}
      propertyPath: m_LocalPosition.x
      value: 2.7799988
      objectReference: {fileID: 0}
    - target: {fileID: 3390135668790220447, guid: 5e7f9e4b0891a7e43a5005025db6e9b9,
        type: 3}
      propertyPath: m_LocalPosition.y
      value: 4.8354006
      objectReference: {fileID: 0}
    - target: {fileID: 3390135668790220447, guid: 5e7f9e4b0891a7e43a5005025db6e9b9,
        type: 3}
      propertyPath: m_LocalPosition.z
      value: -0.084402084
      objectReference: {fileID: 0}
    - target: {fileID: 3390135668790220447, guid: 5e7f9e4b0891a7e43a5005025db6e9b9,
        type: 3}
      propertyPath: m_LocalRotation.x
      value: -0
      objectReference: {fileID: 0}
    - target: {fileID: 3390135668790220447, guid: 5e7f9e4b0891a7e43a5005025db6e9b9,
        type: 3}
      propertyPath: m_LocalRotation.y
      value: -0
      objectReference: {fileID: 0}
    - target: {fileID: 3390135668790220447, guid: 5e7f9e4b0891a7e43a5005025db6e9b9,
        type: 3}
      propertyPath: m_LocalRotation.z
      value: -0
      objectReference: {fileID: 0}
    - target: {fileID: 3390135668790220447, guid: 5e7f9e4b0891a7e43a5005025db6e9b9,
        type: 3}
      propertyPath: m_LocalRotation.w
      value: 1
      objectReference: {fileID: 0}
    - target: {fileID: 3390135668790220447, guid: 5e7f9e4b0891a7e43a5005025db6e9b9,
        type: 3}
      propertyPath: m_RootOrder
      value: 8
      objectReference: {fileID: 0}
    - target: {fileID: 3390135668790220447, guid: 5e7f9e4b0891a7e43a5005025db6e9b9,
        type: 3}
      propertyPath: m_LocalEulerAnglesHint.x
      value: 1
      objectReference: {fileID: 0}
    - target: {fileID: 3390135668790220447, guid: 5e7f9e4b0891a7e43a5005025db6e9b9,
        type: 3}
      propertyPath: m_LocalEulerAnglesHint.y
      value: 0
      objectReference: {fileID: 0}
    - target: {fileID: 3390135668790220447, guid: 5e7f9e4b0891a7e43a5005025db6e9b9,
        type: 3}
      propertyPath: m_LocalEulerAnglesHint.z
      value: 0
      objectReference: {fileID: 0}
    - target: {fileID: 3390135668790220447, guid: 5e7f9e4b0891a7e43a5005025db6e9b9,
        type: 3}
      propertyPath: m_LocalScale.x
      value: 0.42971116
      objectReference: {fileID: 0}
    - target: {fileID: 3390135668790220447, guid: 5e7f9e4b0891a7e43a5005025db6e9b9,
        type: 3}
      propertyPath: m_LocalScale.y
      value: 0.42971128
      objectReference: {fileID: 0}
    - target: {fileID: 3390135668790220447, guid: 5e7f9e4b0891a7e43a5005025db6e9b9,
        type: 3}
      propertyPath: m_LocalScale.z
      value: 0.24688908
      objectReference: {fileID: 0}
    m_RemovedComponents: []
  m_SourcePrefab: {fileID: 100100000, guid: 5e7f9e4b0891a7e43a5005025db6e9b9, type: 3}
--- !u!4 &4670634740015794968 stripped
Transform:
  m_CorrespondingSourceObject: {fileID: 3390135668790220447, guid: 5e7f9e4b0891a7e43a5005025db6e9b9,
    type: 3}
  m_PrefabInstance: {fileID: 8060673542190194055}
  m_PrefabAsset: {fileID: 0}
--- !u!1001 &8206707460368592654
PrefabInstance:
  m_ObjectHideFlags: 0
  serializedVersion: 2
  m_Modification:
    m_TransformParent: {fileID: 342745916496616360}
    m_Modifications:
    - target: {fileID: 6828064944749292828, guid: 5e7f9e4b0891a7e43a5005025db6e9b9,
        type: 3}
      propertyPath: m_Name
      value: Floor_Per 02 (55)
      objectReference: {fileID: 0}
    - target: {fileID: 3390135668790220447, guid: 5e7f9e4b0891a7e43a5005025db6e9b9,
        type: 3}
      propertyPath: m_LocalPosition.x
      value: 5.6600037
      objectReference: {fileID: 0}
    - target: {fileID: 3390135668790220447, guid: 5e7f9e4b0891a7e43a5005025db6e9b9,
        type: 3}
      propertyPath: m_LocalPosition.y
      value: 0
      objectReference: {fileID: 0}
    - target: {fileID: 3390135668790220447, guid: 5e7f9e4b0891a7e43a5005025db6e9b9,
        type: 3}
      propertyPath: m_LocalPosition.z
      value: 0
      objectReference: {fileID: 0}
    - target: {fileID: 3390135668790220447, guid: 5e7f9e4b0891a7e43a5005025db6e9b9,
        type: 3}
      propertyPath: m_LocalRotation.x
      value: -0
      objectReference: {fileID: 0}
    - target: {fileID: 3390135668790220447, guid: 5e7f9e4b0891a7e43a5005025db6e9b9,
        type: 3}
      propertyPath: m_LocalRotation.y
      value: -0
      objectReference: {fileID: 0}
    - target: {fileID: 3390135668790220447, guid: 5e7f9e4b0891a7e43a5005025db6e9b9,
        type: 3}
      propertyPath: m_LocalRotation.z
      value: -0
      objectReference: {fileID: 0}
    - target: {fileID: 3390135668790220447, guid: 5e7f9e4b0891a7e43a5005025db6e9b9,
        type: 3}
      propertyPath: m_LocalRotation.w
      value: 1
      objectReference: {fileID: 0}
    - target: {fileID: 3390135668790220447, guid: 5e7f9e4b0891a7e43a5005025db6e9b9,
        type: 3}
      propertyPath: m_RootOrder
      value: 2
      objectReference: {fileID: 0}
    - target: {fileID: 3390135668790220447, guid: 5e7f9e4b0891a7e43a5005025db6e9b9,
        type: 3}
      propertyPath: m_LocalEulerAnglesHint.x
      value: 1
      objectReference: {fileID: 0}
    - target: {fileID: 3390135668790220447, guid: 5e7f9e4b0891a7e43a5005025db6e9b9,
        type: 3}
      propertyPath: m_LocalEulerAnglesHint.y
      value: 0
      objectReference: {fileID: 0}
    - target: {fileID: 3390135668790220447, guid: 5e7f9e4b0891a7e43a5005025db6e9b9,
        type: 3}
      propertyPath: m_LocalEulerAnglesHint.z
      value: 0
      objectReference: {fileID: 0}
    - target: {fileID: 3390135668790220447, guid: 5e7f9e4b0891a7e43a5005025db6e9b9,
        type: 3}
      propertyPath: m_LocalScale.x
      value: 0.42971116
      objectReference: {fileID: 0}
    - target: {fileID: 3390135668790220447, guid: 5e7f9e4b0891a7e43a5005025db6e9b9,
        type: 3}
      propertyPath: m_LocalScale.y
      value: 0.42971128
      objectReference: {fileID: 0}
    - target: {fileID: 3390135668790220447, guid: 5e7f9e4b0891a7e43a5005025db6e9b9,
        type: 3}
      propertyPath: m_LocalScale.z
      value: 0.24688908
      objectReference: {fileID: 0}
    m_RemovedComponents: []
  m_SourcePrefab: {fileID: 100100000, guid: 5e7f9e4b0891a7e43a5005025db6e9b9, type: 3}
--- !u!4 &6838780465387551121 stripped
Transform:
  m_CorrespondingSourceObject: {fileID: 3390135668790220447, guid: 5e7f9e4b0891a7e43a5005025db6e9b9,
    type: 3}
  m_PrefabInstance: {fileID: 8206707460368592654}
  m_PrefabAsset: {fileID: 0}
--- !u!1001 &9171864899126372093
PrefabInstance:
  m_ObjectHideFlags: 0
  serializedVersion: 2
  m_Modification:
    m_TransformParent: {fileID: 342745916496616360}
    m_Modifications:
    - target: {fileID: 6828064944749292828, guid: 5e7f9e4b0891a7e43a5005025db6e9b9,
        type: 3}
      propertyPath: m_Name
      value: Floor_Per 02 (54)
      objectReference: {fileID: 0}
    - target: {fileID: 3390135668790220447, guid: 5e7f9e4b0891a7e43a5005025db6e9b9,
        type: 3}
      propertyPath: m_LocalPosition.x
      value: 2.8099976
      objectReference: {fileID: 0}
    - target: {fileID: 3390135668790220447, guid: 5e7f9e4b0891a7e43a5005025db6e9b9,
        type: 3}
      propertyPath: m_LocalPosition.y
      value: 0
      objectReference: {fileID: 0}
    - target: {fileID: 3390135668790220447, guid: 5e7f9e4b0891a7e43a5005025db6e9b9,
        type: 3}
      propertyPath: m_LocalPosition.z
      value: 0
      objectReference: {fileID: 0}
    - target: {fileID: 3390135668790220447, guid: 5e7f9e4b0891a7e43a5005025db6e9b9,
        type: 3}
      propertyPath: m_LocalRotation.x
      value: -0
      objectReference: {fileID: 0}
    - target: {fileID: 3390135668790220447, guid: 5e7f9e4b0891a7e43a5005025db6e9b9,
        type: 3}
      propertyPath: m_LocalRotation.y
      value: -0
      objectReference: {fileID: 0}
    - target: {fileID: 3390135668790220447, guid: 5e7f9e4b0891a7e43a5005025db6e9b9,
        type: 3}
      propertyPath: m_LocalRotation.z
      value: -0
      objectReference: {fileID: 0}
    - target: {fileID: 3390135668790220447, guid: 5e7f9e4b0891a7e43a5005025db6e9b9,
        type: 3}
      propertyPath: m_LocalRotation.w
      value: 1
      objectReference: {fileID: 0}
    - target: {fileID: 3390135668790220447, guid: 5e7f9e4b0891a7e43a5005025db6e9b9,
        type: 3}
      propertyPath: m_RootOrder
      value: 1
      objectReference: {fileID: 0}
    - target: {fileID: 3390135668790220447, guid: 5e7f9e4b0891a7e43a5005025db6e9b9,
        type: 3}
      propertyPath: m_LocalEulerAnglesHint.x
      value: 1
      objectReference: {fileID: 0}
    - target: {fileID: 3390135668790220447, guid: 5e7f9e4b0891a7e43a5005025db6e9b9,
        type: 3}
      propertyPath: m_LocalEulerAnglesHint.y
      value: 0
      objectReference: {fileID: 0}
    - target: {fileID: 3390135668790220447, guid: 5e7f9e4b0891a7e43a5005025db6e9b9,
        type: 3}
      propertyPath: m_LocalEulerAnglesHint.z
      value: 0
      objectReference: {fileID: 0}
    - target: {fileID: 3390135668790220447, guid: 5e7f9e4b0891a7e43a5005025db6e9b9,
        type: 3}
      propertyPath: m_LocalScale.x
      value: 0.42971116
      objectReference: {fileID: 0}
    - target: {fileID: 3390135668790220447, guid: 5e7f9e4b0891a7e43a5005025db6e9b9,
        type: 3}
      propertyPath: m_LocalScale.y
      value: 0.42971128
      objectReference: {fileID: 0}
    - target: {fileID: 3390135668790220447, guid: 5e7f9e4b0891a7e43a5005025db6e9b9,
        type: 3}
      propertyPath: m_LocalScale.z
      value: 0.24688908
      objectReference: {fileID: 0}
    m_RemovedComponents: []
  m_SourcePrefab: {fileID: 100100000, guid: 5e7f9e4b0891a7e43a5005025db6e9b9, type: 3}
--- !u!4 &5784078680746782818 stripped
Transform:
  m_CorrespondingSourceObject: {fileID: 3390135668790220447, guid: 5e7f9e4b0891a7e43a5005025db6e9b9,
    type: 3}
  m_PrefabInstance: {fileID: 9171864899126372093}
  m_PrefabAsset: {fileID: 0}
